@article{Khamassi2012,
title={Medial prefrontal cortex and the adaptive regulation of reinforcement learning parameters.},
author={Khamassi, Mehdi and Enel, Pierre and Dominey, Peter Ford and Procyk, Emmanuel},
journal={Progress in Brain Research},
volume={202},
number={18},
pages={309--325},
year={2012},
publisher={Springer}
}
@article{Amiez2005,
title={Anterior cingulate error-related activity is modulated by predicted reward},
author={Amiez, C{\'e}line and Joseph, Jean-Paul and Procyk, Emmanuel},
journal={European Journal of Neuroscience},
volume={21},
number={12},
pages={3447--3452},
year={2005},
publisher={Wiley Online Library}
}
@article{Alexander2011,
title={Medial prefrontal cortex as an action-outcome predictor},
author={Alexander, William H and Brown, Joshua W},
journal={Nature neuroscience},
volume={14},
number={10},
pages={1338--1344},
year={2011},
publisher={Nature Publishing Group}
}
@article{Laubach2000,
title={Cortical ensemble activity increasingly predicts behaviour outcomes during learning of a motor task},
author={Laubach, Mark and Wessberg, Johan and Nicolelis, Miguel AL},
journal={Nature},
volume={405},
number={6786},
pages={567--571},
year={2000},
publisher={Nature Publishing Group}
}
@article{Buzsaki2004,
author = {Buzs\'{a}ki, Gy\"{o}rgy and Draguhn, Andreas},
doi = {10.1126/science.1099745},
issn = {1095-9203},
journal = {Science (New York, N.Y.)},
month = jun,
number = {5679},
pages = {1926--9},
pmid = {15218136},
title = {{Neuronal oscillations in cortical networks.}},
url = {http://www.ncbi.nlm.nih.gov/pubmed/15218136},
volume = {304},
year = {2004}
}
@article{Koch1999,
title={Biophysics of Computation: Information Processing in Single Neurons},
author={Koch, Christof and Schutter, Erik de},
journal={Nature},
volume={398},
number={6729},
pages={678--678},
year={1999}
}
@article{Narayanan2013,
title={Common medial frontal mechanisms of adaptive control in humans and rodents},
author={Narayanan, Nandakumar S and Cavanagh, James F and Frank, Michael J and Laubach, Mark},
journal={Nature neuroscience},
year={2013},
publisher={Nature Publishing Group}
}
@article{Sah1990,
author = {Sah, P and Hestrin, S and Nicoll, RA},
journal = {The Journal of physiology},
pages = {605--616},
title = {{Properties of excitatory postsynaptic currents recorded in vitro from rat hippocampal interneurones.}},
url = {http://jp.physoc.org/content/430/1/605.short},
year = {1990}
}
@article{Georgopoulos1986,
author = {Georgopoulos, Apostolos P. and Schwartz, Andrew B. and Kettner, Ronald E.},
doi = {10.1126/science.3749885},
issn = {0036-8075},
journal = {Science},
month = sep,
number = {4771},
pages = {1416--1419},
title = {{Neuronal population coding of movement direction}},
volume = {233},
year = {1986}
}
@article{Muir1996,
author = {Muir, J L and Everitt, B J and Robbins, T W},
issn = {1047-3211},
journal = {Cerebral cortex (New York, N.Y. : 1991)},
number = {3},
pages = {470--81},
pmid = {8670672},
title = {{The cerebral cortex of the rat and visual attentional function: dissociable effects of mediofrontal, cingulate, anterior dorsolateral, and parietal cortex lesions on a five-choice serial reaction time task.}},
url = {http://www.ncbi.nlm.nih.gov/pubmed/8670672},
volume = {6},
year = {1996}
}
@article{Critchley2003,
author = {Critchley, Hugo D and Mathias, Christopher J and Josephs, Oliver and O'Doherty, John and Zanini, Sergio and Dewar, Bonnie-Kate and Cipolotti, Lisa and Shallice, Tim and Dolan, Raymond J},
doi = {10.1093/brain/awg216},
issn = {0006-8950},
journal = {Brain : a journal of neurology},
month = oct,
number = {Pt 10},
pages = {2139--52},
pmid = {12821513},
title = {{Human cingulate cortex and autonomic control: converging neuroimaging and clinical evidence.}},
url = {http://www.ncbi.nlm.nih.gov/pubmed/12821513},
volume = {126},
year = {2003}
}
@article{Fecteau2003,
author = {Fecteau, Jillian H and Munoz, Douglas P},
doi = {10.1038/nrn1114},
issn = {1471-003X},
journal = {Nature reviews. Neuroscience},
month = jun,
number = {6},
pages = {435--43},
pmid = {12778116},
title = {{Exploring the consequences of the previous trial.}},
url = {http://www.ncbi.nlm.nih.gov/pubmed/12778116},
volume = {4},
year = {2003}
}
@article{Eliasmith2012,
author = {Eliasmith, Chris and Stewart, Terrence C and Choo, Xuan and Bekolay, Trevor and DeWolf, Travis and Tang, Yichuan and Tang, Charlie and Rasmussen, Daniel},
doi = {10.1126/science.1225266},
issn = {1095-9203},
journal = {Science},
keywords = {Behavior,Brain,Brain: anatomy \& histology,Brain: physiology,Humans,Models,Neural Networks (Computer),Neurological,Software},
month = nov,
number = {6111},
pages = {1202--5},
pmid = {23197532},
title = {{A large-scale model of the functioning brain.}},
volume = {338},
year = {2012}
}
@article{Singh2006,
author = {Singh, Ray and Eliasmith, Chris},
doi = {10.1523/JNEUROSCI.4864-05.2006},
issn = {1529-2401},
journal = {The Journal of Neuroscience},
month = apr,
number = {14},
pages = {3667--78},
pmid = {16597721},
title = {{Higher-dimensional neurons explain the tuning and dynamics of working memory cells.}},
url = {http://www.ncbi.nlm.nih.gov/pubmed/16597721},
volume = {26},
year = {2006}
}
@article{Brown2005,
author = {Brown, Joshua W and Braver, Todd S},
doi = {10.1126/science.1105783},
issn = {1095-9203},
journal = {Science (New York, N.Y.)},
month = feb,
number = {5712},
pages = {1118--21},
pmid = {15718473},
title = {{Learned predictions of error likelihood in the anterior cingulate cortex}},
url = {http://www.ncbi.nlm.nih.gov/pubmed/15718473},
volume = {307},
year = {2005}
}
@article{Risterucci2003,
author = {Risterucci, Celine and Terramorsi, Denise and Nieoullon, Andre and Amalric, Marianne},
doi = {10.1046/j.1460-9568.2003.02541.x},
issn = {0953-816X},
journal = {European Journal of Neuroscience},
month = apr,
number = {7},
pages = {1498--1508},
title = {{Excitotoxic lesions of the prelimbic-infralimbic areas of the rodent prefrontal cortex disrupt motor preparatory processes}},
url = {http://doi.wiley.com/10.1046/j.1460-9568.2003.02541.x},
volume = {17},
year = {2003}
}
@article{Modirrousta2008,
author = {Modirrousta, Mandana and Fellows, Lesley K},
doi = {10.1523/JNEUROSCI.4450-08.2008},
issn = {1529-2401},
journal = {The Journal of neuroscience : the official journal of the Society for Neuroscience},
month = dec,
number = {51},
pages = {14000--5},
pmid = {19091989},
title = {{Dorsal medial prefrontal cortex plays a necessary role in rapid error prediction in humans.}},
volume = {28},
year = {2008}
}
@article{Koyama2001,
author = {Koyama, T and Kato, K and Tanaka, Y Z and Mikami, a},
issn = {0168-0102},
journal = {Neuroscience research},
month = apr,
number = {4},
pages = {421--30},
pmid = {11274741},
title = {{Anterior cingulate activity during pain-avoidance and reward tasks in monkeys.}},
url = {http://www.pubmedcentral.nih.gov/articlerender.fcgi?artid=1995130\&tool=pmcentrez\&rendertype=abstract},
volume = {39},
year = {2001}
}
@article{Mulert2003,
author = {Mulert, Christoph and Gallinat, J\"{u}rgen and Dorn, Hans and Herrmann, Werner M and Winterer, Georg},
issn = {0167-8760},
journal = {International journal of psychophysiology : official journal of the International Organization of Psychophysiology},
month = feb,
number = {2},
pages = {175--83},
pmid = {12568947},
title = {{The relationship between reaction time, error rate and anterior cingulate cortex activity.}},
url = {http://www.ncbi.nlm.nih.gov/pubmed/12568947},
volume = {47},
year = {2003}
}
@article{Rushworth2004,
author = {Rushworth, M F S and Walton, M E and Kennerley, S W and Bannerman, D M},
doi = {10.1016/j.tics.2004.07.009},
issn = {1364-6613},
journal = {Trends in cognitive sciences},
month = sep,
number = {9},
pages = {410--7},
pmid = {15350242},
title = {{Action sets and decisions in the medial frontal cortex.}},
url = {http://www.ncbi.nlm.nih.gov/pubmed/15350242},
volume = {8},
year = {2004}
}
@article{Carter1998,
author = {Carter, C. S.},
doi = {10.1126/science.280.5364.747},
issn = {00368075},
journal = {Science},
month = may,
number = {5364},
pages = {747--749},
title = {{Anterior Cingulate Cortex, Error Detection, and the Online Monitoring of Performance}},
url = {http://www.sciencemag.org/cgi/doi/10.1126/science.280.5364.747},
volume = {280},
year = {1998}
}
@article{Luu2003,
author = {Luu, Phan and Posner, Michael I},
doi = {10.1093/brain/awg257},
issn = {0006-8950},
journal = {Brain : a journal of neurology},
month = oct,
number = {Pt 10},
pages = {2119--20},
pmid = {12959940},
title = {{Anterior cingulate cortex regulation of sympathetic activity.}},
url = {http://www.ncbi.nlm.nih.gov/pubmed/12959940},
volume = {126},
year = {2003}
}
@article{Botvinick2004,
author = {Botvinick, Matthew M and Cohen, Jonathan D and Carter, Cameron S},
doi = {10.1016/j.tics.2004.10.003},
issn = {1364-6613},
journal = {Trends in cognitive sciences},
month = dec,
number = {12},
pages = {539--46},
pmid = {15556023},
title = {{Conflict monitoring and anterior cingulate cortex: an update.}},
url = {http://www.ncbi.nlm.nih.gov/pubmed/15556023},
volume = {8},
year = {2004}
}
@article{Spruston1995,
author = {Spruston, N and Jonas, P and Sakmann, B},
issn = {0022-3751},
journal = {The Journal of physiology},
month = jan,
pages = {325--52},
pmid = {7536248},
title = {{Dendritic glutamate receptor channels in rat hippocampal CA3 and CA1 pyramidal neurons.}},
url = {http://www.pubmedcentral.nih.gov/articlerender.fcgi?artid=1157732\&tool=pmcentrez\&rendertype=abstract},
volume = {482 ( Pt 2},
year = {1995}
}
@article{Naito2013,
author = {Naito, Eiichi and Kinomura, Shigeo and Geyer, Stefan and Kawashima, Ryuta and Roland, Per E and Roland, P E R E and Zilles, Karl},
journal = {Journal of Neurophysiology},
pages = {1701--1709},
title = {{Fast Reaction to Different Sensory Modalities Activates Common Fields in the Motor Areas , but the Anterior Cingulate Cortex is Involved in the Speed of Reaction}},
volume = {83},
year = {2013}
}
@article{Barak2010a,
author = {Barak, Omri and Tsodyks, Misha and Romo, Ranulfo},
doi = {10.1523/JNEUROSCI.1875-10.2010},
issn = {1529-2401},
journal = {The Journal of neuroscience : the official journal of the Society for Neuroscience},
month = jul,
number = {28},
pages = {9424--30},
pmid = {20631171},
title = {{Neuronal population coding of parametric working memory.}},
url = {http://www.ncbi.nlm.nih.gov/pubmed/20631171},
volume = {30},
year = {2010}
}
@article{Narayanan2009,
author = {Narayanan, Nandakumar S. and Laubach, Mark},
doi = {10.1152/jn.90615.2008.},
issn = {0022-3077},
journal = {Journal of Neurophysiology},
month = jun,
number = {6},
pages = {2859 --2871},
pmid = {19339463},
title = {{Delay activity in rodent frontal cortex during a simple reaction time task}},
url = {http://www.ncbi.nlm.nih.gov/pubmed/19339463 http://jn.physiology.org/cgi/content/abstract/101/6/2859},
volume = {101},
year = {2009}
}
@book{Eliasmith2003,
author = {Eliasmith, Chris and Anderson, Charles H.},
isbn = {0262050714},
pages = {376},
publisher = {MIT Press},
series = {Computational neuroscience},
title = {{Neural engineering: computation, representation, and dynamics in neurobiological systems}},
year = {2003}
}
@article{Aarts2008,
author = {Aarts, Esther and Roelofs, Ardi and van Turennout, Miranda},
doi = {10.1523/JNEUROSCI.4400-07.2008},
issn = {1529-2401},
journal = {The Journal of neuroscience : the official journal of the Society for Neuroscience},
month = apr,
number = {18},
pages = {4671--8},
pmid = {18448644},
title = {{Anticipatory activity in anterior cingulate cortex can be independent of conflict and error likelihood.}},
url = {http://www.ncbi.nlm.nih.gov/pubmed/18448644},
volume = {28},
year = {2008}
}
@article{VanVeen2004,
author = {van Veen, Vincent and Holroyd, Clay B and Cohen, Jonathan D and Stenger, V Andrew and Carter, Cameron S},
doi = {10.1016/j.bandc.2004.06.007},
issn = {0278-2626},
journal = {Brain and cognition},
month = nov,
number = {2},
pages = {267--76},
pmid = {15518940},
title = {{Errors without conflict: implications for performance monitoring theories of anterior cingulate cortex.}},
url = {http://www.ncbi.nlm.nih.gov/pubmed/15518940},
volume = {56},
year = {2004}
}
@article{Aarts2009,
author = {Aarts, Esther and Roelofs, Ardi and van Turennout, Miranda},
doi = {10.1016/j.neuropsychologia.2009.03.019},
issn = {1873-3514},
journal = {Neuropsychologia},
month = aug,
number = {10},
pages = {2089--99},
pmid = {19467359},
title = {{Attentional control of task and response in lateral and medial frontal cortex: brain activity and reaction time distributions.}},
url = {http://www.ncbi.nlm.nih.gov/pubmed/19467359},
volume = {47},
year = {2009}
}
@article{Magnusson1998,
author = {Magnusson, KR},
journal = {Frontiers in Bioscience},
pages = {70--80},
title = {{The aging of the NMDA receptor complex}},
url = {http://www.bioscience.org/1998/v3/e/magnusso/magnusso.pdf},
volume = {3},
year = {1998}
}
@article{Histed2009,
   Author="Histed, M. H.  and Pasupathy, A.  and Miller, E. K. ",
   Title="{{L}earning substrates in the primate prefrontal cortex and striatum: sustained activity related to successful actions}",
   Journal="Neuron",
   Year="2009",
   Volume="63",
   Number="2",
   Pages="244--253",
   Month="Jul"
}
@article{Sheth2012,
   Author="Sheth, S. A.  and Mian, M. K.  and Patel, S. R.  and Asaad, W. F.  and Williams, Z. M.  and Dougherty, D. D.  and Bush, G.  and Eskandar, E. N. ",
   Title="{{H}uman dorsal anterior cingulate cortex neurons mediate ongoing behavioural adaptation}",
   Journal="Nature",
   Year="2012",
   Volume="488",
   Number="7410",
   Pages="218--221",
   Month="Aug"
}
@article{Hyman2013,
   Author="Hyman, J. M.  and Whitman, J.  and Emberly, E.  and Woodward, T. S.  and Seamans, J. K. ",
   Title="{{A}ction and outcome activity state patterns in the anterior cingulate cortex}",
   Journal="Cereb. Cortex",
   Year="2013",
   Volume="23",
   Number="6",
   Pages="1257--1268",
   Month="Jun"
}
@Article{Horst2012,
   Author="Horst, N. K.  and Laubach, M. ",
   Title="{{W}orking with memory: evidence for a role for the medial prefrontal cortex in performance monitoring during spatial delayed alternation}",
   Journal="J. Neurophysiol.",
   Year="2012",
   Volume="108",
   Number="12",
   Pages="3276--3288",
   Month="Dec"
}
@article{BekolayInpress,
  title={Nengo: A Python tool for building large-scale functional brain models},
  author={Trevor Bekolay and James Bergstra and Eric Hunsberger and Travis DeWolf and Terrence C. Stewart and Daniel Rasmussen and Xuan Choo and Aaron Voelker and Chris Eliasmith},
  journal={Frontiers in Neuroinformatics},
  year={in press},
  publisher={Frontiers Research Foundation}
}
@article{Salinas1994,
  title={Vector reconstruction from firing rates},
  author={Salinas, Emilio and Abbott, LF},
  journal={Journal of computational neuroscience},
  volume={1},
  number={1-2},
  pages={89--107},
  year={1994},
  publisher={Springer}
}
@article{Shadlen2001,
title={Neural basis of a perceptual decision in the parietal cortex (area LIP) of the rhesus monkey},
author={Shadlen, Michael N and Newsome, William T},
journal={Journal of Neurophysiology},
volume={86},
number={4},
pages={1916--1936},
year={2001},
publisher={Am Physiological Soc}
}
@article{Wang2002,
title={Probabilistic decision making by slow reverberation in cortical circuits},
author={Wang, Xiao-Jing},
journal={Neuron},
volume={36},
number={5},
pages={955--968},
year={2002},
publisher={Elsevier}
}
@article{Seung1996,
title={How the brain keeps the eyes still},
author={Seung, H Sebastian},
journal={Proceedings of the National Academy of Sciences},
volume={93},
number={23},
pages={13339--13344},
year={1996},
publisher={National Acad Sciences}
}
@article {Eliasmith2005,
title = {A unified approach to building and controlling spiking attractor networks},
journal = {Neural computation},
volume = {7},
number = {6},
year = {2005},
pages = {1276-1314},
type = {article},
author = {Chris Eliasmith}
}
@article{Narayanan2006JN,
title={Reversible inactivations of rat medial prefrontal cortex impair the ability to wait for a stimulus},
author={Narayanan, NS and Horst, NK and Laubach, Mark},
journal={Neuroscience},
volume={139},
number={3},
pages={865--876},
year={2006},
publisher={Elsevier}
}
@article{Narayanan2006Neuron,
title={Top-down control of motor cortex ensembles by dorsomedial prefrontal cortex},
author={Narayanan, Nandakumar S and Laubach, Mark},
journal={Neuron},
volume={52},
number={5},
pages={921--931},
year={2006},
publisher={Elsevier}
}
@article{Narayanan2008,
title={Neuronal correlates of post-error slowing in the rat dorsomedial prefrontal cortex},
author={Narayanan, Nandakumar S and Laubach, Mark},
journal={Journal of neurophysiology},
volume={100},
number={1},
pages={520--525},
year={2008},
publisher={Am Physiological Soc}
}
@article{Izaki2001,
title={Effects of rat medial prefrontal cortex temporal inactivation on a delayed alternation task},
author={Izaki, Yoshinori and Maruki, Kiyoyuki and Hori, Koji and Nomura, Masahiko},
journal={Neuroscience letters},
volume={315},
number={3},
pages={129--132},
year={2001},
publisher={Elsevier}
}
@article{Floresco2008,
title={Inactivation of the medial prefrontal cortex of the rat impairs strategy set-shifting, but not reversal learning, using a novel, automated procedure},
author={Floresco, Stan B and Block, Annie E and Tse, Maric TL},
journal={Behavioural brain research},
volume={190},
number={1},
pages={85--96},
year={2008},
publisher={Elsevier}
}
@article{Holroyd2002,
title={The neural basis of human error processing: reinforcement learning, dopamine, and the error-related negativity.},
author={Holroyd, Clay B and Coles, Michael GH},
journal={Psychological review},
volume={109},
number={4},
pages={679},
year={2002},
publisher={American Psychological Association}
}
@article{Schultz1998,
title={Predictive reward signal of dopamine neurons},
author={Schultz, Wolfram},
journal={Journal of neurophysiology},
volume={80},
number={1},
pages={1--27},
year={1998},
publisher={Am Physiological Soc}
}
@article{Niv2008,
title={Dialogues on prediction errors},
author={Niv, Yael and Schoenbaum, Geoffrey},
journal={Trends in cognitive sciences},
volume={12},
number={7},
pages={265--272},
year={2008},
publisher={Elsevier}
}
@article{Smith2010,
title={Reversible inactivation of rat premotor cortex impairs temporal preparation, but not inhibitory control, during simple reaction-time performance},
author={Smith, Nathaniel J and Horst, Nicole K and Liu, Benjamine and Caetano, Marcelo S and Laubach, Mark},
journal={Frontiers in integrative neuroscience},
volume={4},
year={2010},
publisher={Frontiers Media SA}
}
@article{Jaffard2008,
title={Proactive inhibitory control of movement assessed by event-related fMRI},
author={Jaffard, Magali and Longcamp, Marieke and Velay, Jean-Luc and Anton, Jean-Luc and Roth, Muriel and Nazarian, Bruno and Boulinguez, Philippe},
journal={Neuroimage},
volume={42},
number={3},
pages={1196--1206},
year={2008},
publisher={Elsevier}
}
@article{Laubach2011,
title={A comparative perspective on executive and motivational control by the medial prefrontal cortex},
author={Laubach, Mark},
journal={Neural basis of motivational and cognitive control},
pages={95},
year={2011},
publisher={The MIT Press}
}
@article{Medalla2009,
title={Synapses with inhibitory neurons differentiate anterior cingulate from dorsolateral prefrontal pathways associated with cognitive control},
author={Medalla, Maria and Barbas, Helen},
journal={Neuron},
volume={61},
number={4},
pages={609--620},
year={2009},
publisher={Elsevier}
}
@article{Delatour2001,
title={Involvement of the dorsal anterior cingulate cortex in temporal behavioral sequencing: subregional analysis of the medial prefrontal cortex in rat},
author={Delatour, Beno{\i}̂t and Gisquet-Verrier, Pascale},
journal={Behavioural brain research},
volume={126},
number={1},
pages={105--114},
year={2001},
publisher={Elsevier}
}
@article{Cavanagh2009,
title={Prelude to and resolution of an error: EEG phase synchrony reveals cognitive control dynamics during action monitoring},
author={Cavanagh, James F and Cohen, Michael X and Allen, John JB},
journal={The Journal of Neuroscience},
volume={29},
number={1},
pages={98--105},
year={2009},
publisher={Soc Neuroscience}
}
@article{Carracedo2013,
title={A neocortical delta rhythm facilitates reciprocal interlaminar interactions via nested theta rhythms},
author={Carracedo, Lucy M and Kjeldsen, Henrik and Cunnington, Leonie and Jenkins, Alastair and Schofield, Ian and Cunningham, Mark O and Davies, Ceri H and Traub, Roger D and Whittington, Miles A},
journal={The Journal of Neuroscience},
volume={33},
number={26},
pages={10750--10761},
year={2013},
publisher={Soc Neuroscience}
}
@article{Behrens2007,
title={Learning the value of information in an uncertain world},
author={Behrens, Timothy EJ and Woolrich, Mark W and Walton, Mark E and Rushworth, Matthew FS},
journal={Nature neuroscience},
volume={10},
number={9},
pages={1214--1221},
year={2007},
publisher={Nature Publishing Group}
}
@article {Macneil2011,
title = {Fine-tuning and the stability of recurrent neural networks},
journal = {PLoS ONE},
volume = {6},
year = {2011},
url = {http://www.plosone.org/article/info\%3Adoi\%2F10.1371\%2Fjournal.pone.0022885},
author = {David MacNeil and Chris Eliasmith}
}